% This file was created with JabRef 2.10.
% Encoding: UTF-8


@Article{Andrieu2003,
  Title                    = {{A}n {I}ntroduction to {MCMC} for {M}achine {L}earning},
  Author                   = {Andrieu, C. and deFreitas, N. and Doucet, A. and Jordan, M.I.},
  Journal                  = {Machine Learning},
  Year                     = {2003},
  Pages                    = {5--43},
  Volume                   = {50},

  File                     = {Andrieu2003.pdf:Andrieu2003.pdf:PDF},
  Owner                    = {gutmann},
  Timestamp                = {2011.04.22}
}

@InProceedings{Gutmann2013b,
  Title                    = {Estimation of unnormalized statistical models without numerical integration},
  Author                   = {Gutmann, M.U. and Hyv\"arinen, A.},
  Booktitle                = {Proc Workshop on Information Theoretic Methods in Science and Engineering},
  Year                     = {2013},

  File                     = {Gutmann2013b.pdf:gutmann_publ/Gutmann2013b.pdf:PDF},
  Owner                    = {gutmann},
  Timestamp                = {2013.08.19}
}

@Article{Gutmann2012a,
  Title                    = {{N}oise-contrastive estimation of unnormalized statistical models, with applications to natural image statistics},
  Author                   = {Gutmann, M.U. and Hyv\"arinen, A.},
  Journal                  = {Journal of Machine Learning Research},
  Year                     = {2012},
  Pages                    = {307--361},
  Volume                   = {13},

  File                     = {Gutmann2012a.pdf:gutmann_publ/Gutmann2012a.pdf:PDF},
  Owner                    = {gutmann},
  Timestamp                = {2012.03.03}
}

@Article{Gutmann2013,
  Title                    = {A three-layer model of natural image statistics},
  Author                   = {Gutmann, Michael U. and Hyv\"arinen, A.},
  Journal                  = {Journal of Physiology-Paris},
  Year                     = {2013},

  Month                    = nov,
  Number                   = {5},
  Pages                    = {369--398},
  Volume                   = {107},

  Booktitle                = {Special issue: Neural Coding and Natural Image Statistics},
  Doi                      = {10.1016/j.jphysparis.2013.01.001},
  File                     = {Reprint:gutmann_publ/Gutmann2013_reprint.pdf:PDF;Preprint:gutmann_publ/Gutmann2013.pdf:PDF},
  ISSN                     = {0928-4257},
  Keywords                 = {Natural images, Probabilistic modeling, Visual processing, Selectivity, Invariance, Sparse coding, Deep learning},
  Owner                    = {gutmann},
  Timestamp                = {2013.10.17},
  Url                      = {http://www.sciencedirect.com/science/article/pii/S0928425713000028}
}

@inproceedings{marlin2010inductive,
  title={Inductive principles for restricted {Boltzmann} machine learning},
  author={Marlin, Benjamin and Swersky, Kevin and Chen, Bo and Freitas, Nando},
  booktitle={Proceedings of the Thirteenth International Conference on Artificial Intelligence and Statistics},
  pages={509--516},
  year={2010}
}


@InProceedings{Mnih2012,
  Title                    = {{A} fast and simple algorithm for training neural probabilistic language models},
  Author                   = {Mnih, Andriy and Teh. Yee Whye},
  Booktitle                = {ICML},
  Year                     = {2012},

  Abstract                 = {Neural probabilistic language models (NPLMs) have recently superseded smoothed n-gram models as the best-performing model class for language modelling. Unfortunately, the adoption of NPLMs is held back by their notoriously long training times, which can be measured in weeks even for moderately-sized datasets. These are a consequence of the models being explicitly normalized, which leads to having to consider all words in the vocabulary when computing the log-likelihood gradients. We propose a fast and simple algorithm for training NPLMs based on noise-contrastive estimation, a newly introduced procedure for estimating unnormalized continuous distributions. We investigate the behaviour of the algorithm on the Penn Treebank corpus and show that it reduces the training times by more than an order of magnitude without affecting the quality of the resulting models. The algorithm is also more efficient and much more stable than importance sampling because it requires far fewer noise samples to perform well. We demonstrate the scalability of the proposed approach by training several neural language models on a 47M-word corpus with a 80K-word vocabulary, obtaining state-of-the-art results in the Microsoft Research Sentence Completion Challenge.},
  File                     = {Mnih2012.pdf:Mnih2012.pdf:PDF},
  Owner                    = {gutmann},
  Timestamp                = {2012.05.24}
}

@inproceedings{kingma2015variational,
  title={Variational dropout and the local reparameterization trick},
  author={Kingma, Diederik P and Salimans, Tim and Welling, Max},
  booktitle={Advances in Neural Information Processing Systems},
  pages={2575--2583},
  year={2015}
}

@inproceedings{salakhutdinov2008quantitative,
  title={On the quantitative analysis of deep belief networks},
  author={Salakhutdinov, Ruslan and Murray, Iain},
  booktitle={Proceedings of the 25th international conference on Machine learning},
  pages={872--879},
  year={2008},
  organization={ACM}
}



@Conference{Tschiatschek2016,
  Title                    = {Learning probabilistic submodular diversity models via noise contrastive estimation},
  Author                   = {Tschiatschek, S. and Djolonga, J. and Krause, A.},
  Booktitle                = {Proceedings of the 19th International Conference on Artificial Intelligence and Statistics (AISTATS)},
  Year                     = {2016},

  Owner                    = {mgutmann},
  Timestamp                = {2016.12.21}
}

@Conference{Zoph2016,
  Title                    = {Simple, Fast Noise-Contrastive Estimation for Large RNN Vocabularies},
  Author                   = {Zoph, B. and Vaswani, A. and May, J. and Knight, K.},
  Booktitle                = {Proc. NAACL},
  Year                     = {2016},

  Owner                    = {mgutmann},
  Timestamp                = {2016.12.21}
}

@article{hinton2006training,
  title={Training products of experts by minimizing contrastive divergence},
  author={Hinton, Geoffrey E},
  journal={Training},
  volume={14},
  number={8},
  year={2006},
  publisher={MIT Press}
}


@inproceedings{younes1998stochastic,
  title={Stochastic gradient estimation strategies for {Markov} random fields},
  author={Younes, Laurent},
  booktitle={Bayesian inference for inverse problems},
  volume={3459},
  pages={315--326},
  year={1998},
  organization={International Society for Optics and Photonics}
}

@article{gutmann2012noise,
  title={Noise-contrastive estimation of unnormalized statistical models, with applications to natural image statistics},
  author={Gutmann, Michael U and Hyv{\"a}rinen, Aapo},
  journal={Journal of Machine Learning Research},
  volume={13},
  number={Feb},
  pages={307--361},
  year={2012}
}

@article{gutmann2012bregman,
  title={Bregman divergence as general framework to estimate unnormalized statistical models},
  author={Gutmann, Michael and Hirayama, Jun-ichiro},
  journal={arXiv preprint arXiv:1202.3727},
  year={2012}
}

@book{kindermann1980markov,
  title={Markov random fields and their applications},
  author={Kindermann, Ross and Snell, J Laurie},
  volume={1},
  year={1980},
  publisher={American Mathematical Society}
}

@inproceedings{zoph2016simple,
  title={Simple, Fast Noise-Contrastive Estimation for Large {RNN} Vocabularies.},
  author={Zoph, Barret and Vaswani, Ashish and May, Jonathan and Knight, Kevin},
  booktitle={HLT-NAACL},
  pages={1217--1222},
  year={2016}
}

@article{mnih2012fast,
  title={A fast and simple algorithm for training neural probabilistic language models},
  author={Mnih, Andriy and Teh, Yee Whye},
  journal={arXiv preprint arXiv:1206.6426},
  year={2012}
}

@article{besag1975statistical,
  title={Statistical analysis of non-lattice data},
  author={Besag, Julian},
  journal={The Statistician},
  pages={179--195},
  year={1975},
  publisher={JSTOR}
}

@article{hyvarinen2005estimation,
  title={Estimation of non-normalized statistical models by score matching},
  author={Hyv{\"a}rinen, Aapo},
  journal={Journal of Machine Learning Research},
  volume={6},
  number={Apr},
  pages={695--709},
  year={2005}
}

@article{hyvarinen2007some,
  title={Some extensions of score matching},
  author={Hyv{\"a}rinen, Aapo},
  journal={Computational statistics \& data analysis},
  volume={51},
  number={5},
  pages={2499--2512},
  year={2007},
  publisher={Elsevier}
}

@article{goodfellow2014distinguishability,
  title={On distinguishability criteria for estimating generative models},
  author={Goodfellow, Ian J},
  journal={arXiv preprint arXiv:1412.6515},
  year={2014}
}

@article{gutmann2012bregman,
  title={Bregman divergence as general framework to estimate unnormalized statistical models},
  author={Gutmann, Michael and Hirayama, Jun-ichiro},
  journal={arXiv preprint arXiv:1202.3727},
  year={2012}
}

@inproceedings{hyvarinen2016unsupervised,
  title={Unsupervised feature extraction by time-contrastive learning and nonlinear {ICA}},
  author={Hyvarinen, Aapo and Morioka, Hiroshi},
  booktitle={Advances in Neural Information Processing Systems},
  pages={3765--3773},
  year={2016}
}

@inproceedings{goodfellow2014generative,
  title={Generative adversarial nets},
  author={Goodfellow, Ian and Pouget-Abadie, Jean and Mirza, Mehdi and Xu, Bing and Warde-Farley, David and Ozair, Sherjil and Courville, Aaron and Bengio, Yoshua},
  booktitle={Advances in neural information processing systems},
  pages={2672--2680},
  year={2014}
}

@inproceedings{tieleman2009using,
  title={Using fast weights to improve persistent contrastive divergence},
  author={Tieleman, Tijmen and Hinton, Geoffrey},
  booktitle={Proceedings of the 26th Annual International Conference on Machine Learning},
  pages={1033--1040},
  year={2009},
  organization={ACM}
}

@incollection{neal1998view,
  title={A view of the {EM} algorithm that justifies incremental, sparse, and other variants},
  author={Neal, Radford M and Hinton, Geoffrey E},
  booktitle={Learning in graphical models},
  pages={355--368},
  year={1998},
  publisher={Springer}
}

@article{dempster1977maximum,
  title={Maximum likelihood from incomplete data via the {EM} algorithm},
  author={Dempster, Arthur P and Laird, Nan M and Rubin, Donald B},
  journal={Journal of the Royal Statistical Society. Series B (methodological)},
  pages={1--38},
  year={1977},
  publisher={JSTOR}
}

@book{kindermann1980markov,
  title={Markov random fields and their applications},
  author={Kindermann, Ross and Snell, J Laurie},
  volume={1},
  year={1980},
  publisher={American Mathematical Society}
}

@techreport{smolensky1986information,
  title={Information processing in dynamical systems: Foundations of harmony theory},
  author={Smolensky, Paul},
  year={1986},
  institution={COLORADO UNIV AT BOULDER DEPT OF COMPUTER SCIENCE}
}

@article{bengio2009justifying,
  title={Justifying and generalizing contrastive divergence},
  author={Bengio, Yoshua and Delalleau, Olivier},
  journal={Neural computation},
  volume={21},
  number={6},
  pages={1601--1621},
  year={2009},
  publisher={MIT Press}
}

@article{fischer2011bounding,
  title={Bounding the bias of contrastive divergence learning},
  author={Fischer, Asja and Igel, Christian},
  journal={Neural computation},
  volume={23},
  number={3},
  pages={664--673},
  year={2011},
  publisher={MIT Press}
}

@inproceedings{carreira2005contrastive,
  title={On contrastive divergence learning.},
  author={Carreira-Perpinan, Miguel A and Hinton, Geoffrey E},
  booktitle={Aistats},
  volume={10},
  pages={33--40},
  year={2005},
  organization={Citeseer}
}

@inproceedings{sutskever2010convergence,
  title={On the convergence properties of contrastive divergence},
  author={Sutskever, Ilya and Tieleman, Tijmen},
  booktitle={Proceedings of the Thirteenth International Conference on Artificial Intelligence and Statistics},
  pages={789--795},
  year={2010}
}

@incollection{hinton2012practical,
  title={A practical guide to training restricted Boltzmann machines},
  author={Hinton, Geoffrey E},
  booktitle={Neural networks: Tricks of the trade},
  pages={599--619},
  year={2012},
  publisher={Springer}
}

@inproceedings{kingma2014semi,
  title={Semi-supervised learning with deep generative models},
  author={Kingma, Diederik P and Mohamed, Shakir and Rezende, Danilo Jimenez and Welling, Max},
  booktitle={Advances in Neural Information Processing Systems},
  pages={3581--3589},
  year={2014}
}

